% -*- zotero-sharelatex-cayw-collection: 0/Learning Arguments.bibtex -*-

@article{adadiPeekingBlackBoxSurvey2018,
  title = {Peeking {{Inside}} the {{Black}}-{{Box}}: {{A Survey}} on {{Explainable Artificial Intelligence}} ({{XAI}})},
  shorttitle = {Peeking {{Inside}} the {{Black}}-{{Box}}},
  author = {Adadi, Amina and Berrada, Mohammed},
  year = {2018},
  volume = {6},
  pages = {52138--52160},
  issn = {2169-3536},
  doi = {10.1109/ACCESS.2018.2870052},
  journal = {IEEE Access},
}
@inproceedings{agrawalFastAlgorithmsMining1994,
  title = {Fast Algorithms for Mining Association Rules},
  booktitle = {Proc. 20th Int. Conf. Very Large Data Bases, {{VLDB}}},
  author = {Agrawal, Rakesh and Srikant, Ramakrishnan},
  year = {1994},
  volume = {1215},
  pages = {487--499},
  publisher = {{Citeseer}},
}
@article{arrietaExplainableArtificialIntelligence2020,
  title = {Explainable {{Artificial Intelligence}} ({{XAI}}): {{Concepts}}, Taxonomies, Opportunities and Challenges toward Responsible {{AI}}},
  shorttitle = {Explainable {{Artificial Intelligence}} ({{XAI}})},
  author = {Arrieta, Alejandro Barredo and {D{\'i}az-Rodr{\'i}guez}, Natalia and Del Ser, Javier and Bennetot, Adrien and Tabik, Siham and Barbado, Alberto and Garcia, Salvador and {Gil-Lopez}, Sergio and Molina, Daniel and Benjamins, Richard and Chatila, Raja and Herrera, Francisco},
  year = {2020},
  month = jun,
  volume = {58},
  pages = {82--115},
  issn = {1566-2535},
  doi = {10.1016/j.inffus.2019.12.012},
  journal = {Information Fusion},
  language = {en},
}
@techreport{barbarafutymaExplainableAIArguments2021,
  title = {Explainable {{AI}}: {{From Arguments}} to {{Decisions}}},
  author = {{Barbara Futyma} and {Eric Nakoja} and {David Pomerenke} and {David Schimmel} and {JingYang Zeng}},
  year = {2021},
  address = {{Maastricht}},
  institution = {{Maastricht University}},
  annotation = {Unpublished},
}
@article{berzalDataMiningConcepts2002,
  title = {Data Mining: Concepts and Techniques by {{Jiawei Han}} and {{Micheline Kamber}}},
  shorttitle = {Data Mining},
  author = {Berzal, Fernando and Mat{\'i}n, Nicolf{\'a}s},
  year = {2002},
  volume = {31},
  pages = {66--68},
  publisher = {{ACM New York, NY, USA}},
  journal = {ACM Sigmod Record},
  number = {2},
}
@misc{breidenbachTextCode2021,
  title = {Von {{Text}} Zu {{Code}}},
  author = {Breidenbach, Stephan},
  year = {2021},
  month = feb,
  address = {{LegalOS}},
}
@inproceedings{corapiInductiveLogicProgramming2010,
  title = {Inductive Logic Programming as Abductive Search},
  booktitle = {Technical Communications of the 26th International Conference on Logic Programming},
  author = {Corapi, Domenico and Russo, Alessandra and Lupu, Emil},
  year = {2010},
  publisher = {{Schloss Dagstuhl-Leibniz-Zentrum fuer Informatik}},
}
@book{deraedtLogicalRelationalLearning2008,
  title = {Logical and Relational Learning},
  author = {De Raedt, Luc},
  year = {2008},
  publisher = {{Springer Science \& Business Media}},
}
@incollection{dimopoulosLearningNonmonotonicLogic1995,
  title = {Learning Non-Monotonic Logic Programs: {{Learning}} Exceptions},
  shorttitle = {Learning Non-Monotonic Logic Programs},
  booktitle = {Machine {{Learning}}: {{ECML}}-95},
  author = {Dimopoulos, Yannis and Kakas, Antonis},
  editor = {Carbonell, Jaime G. and Siekmann, J{\"o}rg and Goos, G. and Hartmanis, J. and Leeuwen, J. and Lavrac, Nada and Wrobel, Stefan},
  year = {1995},
  volume = {912},
  pages = {122--137},
  publisher = {{Springer Berlin Heidelberg}},
  address = {{Berlin, Heidelberg}},
  doi = {10.1007/3-540-59286-5_53},
  isbn = {978-3-540-59286-0 978-3-540-49232-0},
  language = {en},
}
@article{doshi-velezAccountabilityAILaw2019,
  title = {Accountability of {{AI Under}} the {{Law}}: {{The Role}} of {{Explanation}}},
  shorttitle = {Accountability of {{AI Under}} the {{Law}}},
  author = {{Doshi-Velez}, Finale and Kortz, Mason and Budish, Ryan and Bavitz, Chris and Gershman, Sam and O'Brien, David and Scott, Kate and Schieber, Stuart and Waldo, James and Weinberger, David and Weller, Adrian and Wood, Alexandra},
  year = {2019},
  month = dec,
  archiveprefix = {arXiv},
  journal = {arXiv:1711.01134 [cs, stat]},
  primaryclass = {cs, stat},
}
@article{dungAcceptabilityArgumentsIts1995,
  title = {On the Acceptability of Arguments and Its Fundamental Role in Nonmonotonic Reasoning, Logic Programming and n-Person Games},
  author = {Dung, Phan Minh},
  year = {1995},
  month = sep,
  volume = {77},
  pages = {321--357},
  issn = {00043702},
  doi = {10.1016/0004-3702(94)00041-X},
  journal = {Artificial Intelligence},
  language = {en},
  number = {2},
}
@article{evansLearningExplanatoryRules2018,
  title = {Learning Explanatory Rules from Noisy Data},
  author = {Evans, Richard and Grefenstette, Edward},
  year = {2018},
  volume = {61},
  pages = {1--64},
  journal = {Journal of Artificial Intelligence Research},
}
@article{goodmanEuropeanUnionRegulations2017,
  title = {European {{Union Regulations}} on {{Algorithmic Decision}}-{{Making}} and a ``{{Right}} to {{Explanation}}''},
  author = {Goodman, Bryce and Flaxman, Seth},
  year = {2017},
  month = oct,
  volume = {38},
  pages = {50--57},
  issn = {2371-9621},
  doi = {10.1609/aimag.v38i3.2741},
  copyright = {Copyright (c) 2017 AI Magazine},
  journal = {AI Magazine},
  language = {en},
  number = {3},
}
@article{governatoriApplicationAssociationRules2001,
  title = {Towards the Application of Association Rules for Defeasible Rules Discovery},
  author = {Governatori, Guido and Stranieri, Andrew},
  year = {2001},
  pages = {63--75},
  publisher = {{IOS Press}},
  journal = {Jurix 2001},
}
@book{hanDataMiningConcepts2011,
  title = {Data {{Mining}}: {{Concepts}} and {{Techniques}}, 3rd {{Edition}}},
  shorttitle = {Data {{Mining}}},
  author = {Han, Jiawei and Pei, Jian and Kamber, Micheline},
  year = {2011},
  month = jun,
  publisher = {{Morgan Kaufmann}},
  isbn = {978-0-12-381480-7},
  language = {en},
}
@inproceedings{johnstonAlgorithmInductionDefeasible2003,
  title = {An Algorithm for the Induction of Defeasible Logic Theories from Databases},
  booktitle = {Proceedings of the 14th {{Australasian}} Database Conference-{{Volume}} 17},
  author = {Johnston, Benjamin and Governatori, Guido},
  year = {2003},
  pages = {75--83},
}
@inproceedings{johnstonInductionDefeasibleLogic2003,
  title = {Induction of Defeasible Logic Theories in the Legal Domain},
  booktitle = {Proceedings of the 9th International Conference on {{Artificial}} Intelligence and Law},
  author = {Johnston, Benjamin and Governatori, Guido},
  year = {2003},
  pages = {204--213},
}
@book{kahnemanJudgmentUncertaintyHeuristics1982,
  title = {Judgment under Uncertainty: {{Heuristics}} and Biases},
  shorttitle = {Judgment under Uncertainty},
  author = {Kahneman, Daniel and Slovic, Stewart Paul and Slovic, Paul and Tversky, Amos},
  year = {1982},
  publisher = {{Cambridge university press}},
}
@article{kakasAbductionArgumentationExplainable2020,
  title = {Abduction and {{Argumentation}} for {{Explainable Machine Learning}}: {{A Position Survey}}},
  shorttitle = {Abduction and {{Argumentation}} for {{Explainable Machine Learning}}},
  author = {Kakas, Antonis and Michael, Loizos},
  year = {2020},
  archiveprefix = {arXiv},
  journal = {arXiv preprint arXiv:2010.12896},
}
@article{lloydLeastSquaresQuantization1982,
  title = {Least Squares Quantization in {{PCM}}},
  author = {Lloyd, Stuart},
  year = {1982},
  volume = {28},
  pages = {129--137},
  publisher = {{IEEE}},
  journal = {IEEE transactions on information theory},
  number = {2},
}
@inproceedings{michaelCognitiveReasoningLearning2016,
  title = {Cognitive {{Reasoning}} and {{Learning Mechanisms}}.},
  booktitle = {{{AIC}}},
  author = {Michael, Loizos},
  year = {2016},
  pages = {2--23},
}
@article{modgilASPICFrameworkStructured2014,
  title = {The {{ASPIC}} + Framework for Structured Argumentation: A Tutorial},
  shorttitle = {The {{ASPIC}} + Framework for Structured Argumentation},
  author = {Modgil, Sanjay and Prakken, Henry},
  year = {2014},
  month = jan,
  volume = {5},
  pages = {31--62},
  publisher = {{IOS Press}},
  issn = {1946-2166},
  doi = {10.1080/19462166.2013.869766},
  journal = {Argument \& Computation},
  language = {en},
  number = {1},
}
@article{modgilGeneralAccountArgumentation2018,
  title = {A {{General Account}} of {{Argumentation}} with {{Preferences}}},
  author = {Modgil, Sanjay and Prakken, Henry},
  year = {2018},
  month = apr,
  archiveprefix = {arXiv},
  journal = {arXiv:1804.06763 [cs]},
  primaryclass = {cs},
}
@book{pearlCausalInferenceStatistics2016,
  title = {Causal Inference in Statistics: {{A}} Primer},
  shorttitle = {Causal Inference in Statistics},
  author = {Pearl, Judea and Glymour, Madelyn and Jewell, Nicholas P.},
  year = {2016},
  publisher = {{John Wiley \& Sons}},
}
@article{quinlanLearningLogicalDefinitions1990,
  title = {Learning Logical Definitions from Relations},
  author = {Quinlan, J. R.},
  year = {1990},
  month = aug,
  volume = {5},
  pages = {239--266},
  issn = {1573-0565},
  doi = {10.1007/BF00117105},
  journal = {Machine Learning},
  language = {en},
  number = {3},
}
@article{quinlanLearningLogicalDefinitions1990a,
  title = {Learning Logical Definitions from Relations},
  author = {Quinlan, J. Ross},
  year = {1990},
  volume = {5},
  pages = {239--266},
  publisher = {{Springer}},
  journal = {Machine learning},
  number = {3},
}
@misc{raadvanstateECLINLRVS2017,
  title = {{ECLI:NL:RVS:2017:1259}},
  shorttitle = {{ECLI}},
  author = {{Raad van State}},
  year = {2017},
  month = may,
  annotation = {Last Modified: 2020-03-03},
  language = {nl},
}
@inproceedings{rayInferringProcessModels2007,
  title = {Inferring Process Models from Temporal Data with Abduction and Induction},
  booktitle = {1st {{Workshop}} on the {{Induction}} of {{Process Models}}},
  author = {Ray, Oliver},
  year = {2007},
}
@misc{rechtbankdenhaagECLINLRBDHA2020,
  title = {{ECLI:NL:RBDHA:2020:1878}},
  shorttitle = {{ECLI}},
  author = {{Rechtbank den Haag}},
  year = {2020},
  month = mar,
  annotation = {Last Modified: 2020-03-09},
  language = {nl},
}
@article{roosLogicReasoningInconsistent1992,
  title = {A Logic for Reasoning with Inconsistent Knowledge},
  author = {Roos, Nico},
  year = {1992},
  volume = {57},
  pages = {69--103},
  publisher = {{Elsevier}},
  journal = {Artificial Intelligence},
  number = {1},
}
@unpublished{roosLogicsArtificialIntelligence2019,
  title = {Logics for {{Artificial Intelligence}}},
  author = {Roos, Nico},
  year = {2019},
  month = oct,
  address = {{Maastricht University}},
  type = {Lecture Script},
}
@article{roosResolvingConflictsArguments2000,
  title = {On {{Resolving Conflicts Between Arguments}}},
  author = {Roos, Nico},
  year = {2000},
  volume = {16},
  pages = {469--497},
  issn = {1467-8640},
  copyright = {Blackwell Publishers, Inc. 2000},
  journal = {Computational Intelligence},
  number = {3},
}
@article{roosResolvingConflictsArguments2000a,
  title = {On Resolving Conflicts between Arguments},
  author = {Roos, Nico},
  year = {2000},
  volume = {16},
  pages = {469--497},
  publisher = {{Wiley Online Library}},
  journal = {Computational Intelligence},
  number = {3},
}
@article{roosSemanticTableauMethod2020,
  title = {A {{Semantic Tableau Method}} for {{Argument Construction}}},
  author = {Roos, Nico},
  year = {2020},
  journal = {BeNeLux AI Conference (BNAIC)},
}
@book{russellArtificialIntelligenceModern2010,
  title = {Artificial Intelligence: A Modern Approach},
  shorttitle = {Artificial Intelligence},
  author = {Russell, Stuart J. and Norvig, Peter},
  year = {2010},
  publisher = {{Prentice Hall}},
  address = {{Upper Saddle River}},
  annotation = {37211},
  isbn = {978-0-13-604259-4},
  language = {en},
  lccn = {Q335 .R86 2010},
}
@book{russellArtificialIntelligenceModern2020,
  title = {Artificial Intelligence a Modern Approach},
  author = {Russell, Stuart J and Norvig, Peter},
  year = {2020},
  publisher = {{Pearson}},
  address = {{Boston}},
  annotation = {OCLC: 1021874142},
  isbn = {978-0-13-461099-3},
  language = {English},
}
@techreport{specialinterestgrouponartificialintelligenceDutchArtificialIntelligence2018,
  title = {Dutch {{Artificial Intelligence Manifesto}}},
  author = {{Special Interest Group on Artificial Intelligence}},
  year = {2018},
  month = sep,
  address = {{The Netherlands}},
  institution = {{ICT Research Platform Nederland}},
}
@article{spohnEnumerativeInductionLawlikeness2005,
  title = {Enumerative {{Induction}} and {{Lawlikeness}}*},
  author = {Spohn, Wolfgang},
  year = {2005},
  month = jan,
  volume = {72},
  pages = {164--187},
  issn = {0031-8248, 1539-767X},
  doi = {10.1086/428076},
  journal = {Philosophy of Science},
  language = {en},
  number = {1},
}
@incollection{spohnGeneralNonProbabilisticTheory1990,
  title = {A {{General Non}}-{{Probabilistic Theory}} of {{Inductive Reasoning}}},
  booktitle = {Machine {{Intelligence}} and {{Pattern Recognition}}},
  author = {Spohn, Wolfgang},
  year = {1990},
  volume = {9},
  pages = {149--158},
  publisher = {{Elsevier}},
  doi = {10.1016/B978-0-444-88650-7.50017-2},
  isbn = {978-0-444-88650-7},
  language = {en},
}
@book{spohnLawsBeliefRanking2012,
  title = {The Laws of Belief: Ranking Theory and Its Philosophical Applications},
  shorttitle = {The Laws of Belief},
  author = {Spohn, Wolfgang},
  year = {2012},
  publisher = {{Oxford University Press}},
  address = {{Oxford}},
  annotation = {OCLC: ocn760290424},
  isbn = {978-0-19-969750-2},
  language = {en},
  lccn = {BD215 .S666 2012},
}
@article{taniarExceptionRulesAssociation2008,
  title = {Exception Rules in Association Rule Mining},
  author = {Taniar, David and Rahayu, Wenny and Lee, Vincent and Daly, Olena},
  year = {2008},
  volume = {205},
  pages = {735--750},
  publisher = {{Elsevier}},
  journal = {Applied Mathematics and Computation},
  number = {2},
}
@book{tanIntroductionDataMining2014,
  title = {Introduction to Data Mining},
  author = {Tan, Pang-Ning and Steinbach, Michael and Kumar, Vipin},
  year = {2014},
  publisher = {{Pearson}},
  address = {{Harlow}},
  annotation = {OCLC: 881290060},
  isbn = {978-1-292-02615-2},
  language = {en},
}
@misc{thimmTweetyProjectComprehensiveCollection2021,
  title = {{{TweetyProject}}: {{A}} Comprehensive Collection of {{Java}} Libraries for Logical Aspects of Artificial Intelligence and Knowledge Representation},
  author = {Thimm, Matthias},
  year = {2021},
  month = feb,
  howpublished = {http://tweetyproject.org/lib/index.html},
}
@article{valiantTheoryLearnable1984,
  title = {A Theory of the Learnable},
  author = {Valiant, Leslie G.},
  year = {1984},
  volume = {27},
  pages = {1134--1142},
  publisher = {{ACM New York, NY, USA}},
  journal = {Communications of the ACM},
  number = {11},
}
@inproceedings{vanleeuwenComparisonTwoHybrid2019,
  title = {A {{Comparison}} of {{Two Hybrid Methods}} for {{Analyzing Evidential Reasoning}}},
  booktitle = {{{JURIX}}},
  author = {{van Leeuwen}, Ludi and Verheij, Bart},
  year = {2019},
  pages = {53--62},
}
@misc{vennekensDutchAIManifesto,
  title = {Dutch {{AI Manifesto}}},
  author = {Vennekens, Joost},
  journal = {http://ii.tudelft.nl/bnvki/},
  language = {en-GB},
}
@article{verheijAnalyzingSimonshavenCase2020,
  title = {Analyzing the {{Simonshaven}} Case with and without Probabilities},
  author = {Verheij, Bart},
  year = {2020},
  volume = {12},
  pages = {1175--1199},
  publisher = {{Wiley Online Library}},
  journal = {Topics in cognitive science},
  number = {4},
}
@unpublished{verheijArgumentsGoodArtificial2018,
  title = {Arguments for Good Artificial Intelligence},
  author = {Verheij, Bart},
  year = {2018},
  address = {{Groningen: University of Groningen}},
  annotation = {OCLC: 1091623905},
  language = {en},
  type = {Inaugural Lecture},
}
@article{verheijProofProbabilities2017,
  title = {Proof with and without Probabilities},
  author = {Verheij, Bart},
  year = {2017},
  volume = {25},
  pages = {127--154},
  publisher = {{Springer}},
  journal = {Artificial Intelligence and Law},
  number = {1},
}
@misc{vollmerRecital71EU2020,
  title = {Recital 71 {{EU General Data Protection Regulation}} ({{EU}}-{{GDPR}})},
  author = {Vollmer, Nicholas},
  year = {2020},
  month = may,
  publisher = {{SecureDataService}},
  copyright = {Nicholas Vollmer},
  howpublished = {http://www.privacy-regulation.eu/en/recital-71-GDPR.htm},
  language = {en},
  type = {Text},
}
@inproceedings{wallaceCausalDiscoveryMML1996,
  title = {Causal Discovery via {{MML}}},
  booktitle = {{{ICML}}},
  author = {Wallace, Chris and Korb, Kevin B. and Dai, Honghua},
  year = {1996},
  volume = {96},
  pages = {516--524},
}
@article{waltlExplainableArtificialIntelligence2018,
  title = {Explainable Artificial Intelligence the New Frontier in Legal Informatics},
  author = {Waltl, Bernhard and Vogl, Roland},
  year = {2018},
  volume = {4},
  pages = {1--10},
  journal = {Jusletter IT},
}
@book{wittenDataMiningPractical2017,
  title = {Data Mining: Practical Machine Learning Tools and Techniques},
  shorttitle = {Data Mining},
  editor = {Witten, I. H.},
  year = {2017},
  publisher = {{Elsevier}},
  address = {{Amsterdam}},
  isbn = {978-0-12-804291-5},
  language = {en},
  lccn = {QA76.9.D343 W58 2017},
}
@article{zenkerStoriesviaArgumentsScenarios2020,
  title = {From {{Stories}}-via {{Arguments}}, {{Scenarios}}, and {{Cases}}-to {{Probabilities}}: {{Commentary}} on {{Floris J}}. {{Bex}}'s" {{The Hybrid Theory}} of {{Stories}} and {{Arguments Applied}} to the {{Simonshaven Case}}" and {{Bart Verheij}}'s" {{Analyzing}} the {{Simonshaven Case With}} and {{Without Probabilities}}"},
  shorttitle = {From {{Stories}}-via {{Arguments}}, {{Scenarios}}, and {{Cases}}-to {{Probabilities}}},
  author = {Zenker, Frank},
  year = {2020},
  volume = {12},
  pages = {1219--1223},
  journal = {Topics in cognitive science},
  number = {4},
}